3923 4656
932 114 1189 283 IN
1241 98 3211 290 CONGRESS, JULY 4, 1776.
208 439 3618 611 Dhe unaniwons Declaratton of te Heten maiss States of TNmerica
1012 693 3698 771 hen n lí loune z human venl, i kemu nematy k mpeopě toíohohhehttcal bandí uhích have connechdí tem vith ancthet, andíl
421 754 3704 839 o hi ſhwes f he eail, fie rehatal andequal flohon & ufch lhe laav  . kalut and   Aloil ped entilt ttem, a dant rafech to the ofunin o manknd tequies fhat thep
3209 4264 3575 4337 imuiaa
3198 4345 3398 4415 Qlver
3177 4404 3472 4469 Vbalřew/
3607 4399 3685 4465 17.
